@article{Allombert02,
  title={Explicit computation of isomorphisms between finite fields},
  author={Allombert, Bill},
  journal={Finite Fields and Their Applications},
  volume={8},
  number={3},
  pages={332--342},
  year={2002},
  publisher={Elsevier Science}
}

@article{JP16,
  author    = {Antoine Joux and
               C{\'{e}}cile Pierrot},
  title     = {Technical history of discrete logarithms in small characteristic finite
               fields - The road from subexponential to quasi-polynomial complexity},
  journal   = {Des. Codes Cryptography},
  volume    = {78},
  number    = {1},
  pages     = {73--85},
  year      = {2016},
  url       = {https://doi.org/10.1007/s10623-015-0147-6},
  doi       = {10.1007/s10623-015-0147-6},
  timestamp = {Sat, 20 May 2017 00:23:20 +0200},
  biburl    = {http://dblp.uni-trier.de/rec/bib/journals/dcc/JouxP16},
  bibsource = {dblp computer science bibliography, http://dblp.org}
}

@article{JP14,
  author    = {Antoine Joux and
               C{\'{e}}cile Pierrot},
  title     = {Improving the Polynomial time Precomputation of Frobenius Representation
               Discrete Logarithm Algorithms - Simplified Setting for Small Characteristic
               Finite Fields},
  journal   = {{IACR} Cryptology ePrint Archive},
  volume    = {2014},
  pages     = {924},
  year      = {2014},
  url       = {http://eprint.iacr.org/2014/924},
  timestamp = {Thu, 08 Jun 2017 14:26:39 +0200},
  biburl    = {http://dblp.uni-trier.de/rec/bib/journals/iacr/JouxP14},
  bibsource = {dblp computer science bibliography, http://dblp.org}
}

@article{Joux13,
  author    = {Antoine Joux},
  title     = {A new index calculus algorithm with complexity {L}(1/4+o(1)) in very
               small characteristic},
  journal   = {{IACR} Cryptology ePrint Archive},
  volume    = {2013},
  pages     = {95},
  year      = {2013},
  url       = {http://eprint.iacr.org/2013/095},
  timestamp = {Thu, 08 Jun 2017 14:26:39 +0200},
  biburl    = {http://dblp.uni-trier.de/rec/bib/journals/iacr/Joux13},
  bibsource = {dblp computer science bibliography, http://dblp.org}
}

@misc{Nemo,
    author = {Hart, William and others},
    howpublished = {\url{http://nemocas.org}},
    key = {Nemo},
    organization = {The Nemo Development Team},
    posted-at = {2016-09-13 00:05:47},
    priority = {2},
    title = {{N}emo {P}ackage ({V}ersion 0.5.0)},
    year = {2016}
}

@misc{Julia,
    howpublished = {\url{http://julialang.org}},
    keywords = {julia},
    posted-at = {2016-09-14 23:55:18},
    priority = {2},
    title = {{Julia} : a high-level, high-performance dynamic language for technical computing}
}

@article{BGJT13,
  author    = {Razvan Barbulescu and
               Pierrick Gaudry and
               Antoine Joux and
               Emmanuel Thom{\'{e}}},
  title     = {A quasi-polynomial algorithm for discrete logarithm in finite fields
               of small characteristic},
  journal   = {CoRR},
  volume    = {abs/1306.4244},
  year      = {2013},
  url       = {http://arxiv.org/abs/1306.4244},
  timestamp = {Wed, 07 Jun 2017 14:43:10 +0200},
  biburl    = {http://dblp.uni-trier.de/rec/bib/journals/corr/BarbulescuGJT13},
  bibsource = {dblp computer science bibliography, http://dblp.org}
}

@article{GKZ14,
  author    = {Robert Granger and
               Thorsten Kleinjung and
               Jens Zumbr{\"{a}}gel},
  title     = {On the Powers of 2},
  journal   = {{IACR} Cryptology ePrint Archive},
  volume    = {2014},
  pages     = {300},
  year      = {2014},
  url       = {http://eprint.iacr.org/2014/300},
  timestamp = {Thu, 08 Jun 2017 14:26:36 +0200},
  biburl    = {http://dblp.uni-trier.de/rec/bib/journals/iacr/GrangerKZ14a},
  bibsource = {dblp computer science bibliography, http://dblp.org}
}

@inproceedings{ZC15,
 author = {Zhuang, Jincheng and Cheng, Qi},
 title = {On Generating Coset Representatives of {$PGL_{2}(\mathbb {F}_{q})$} in {$PGL_{2}(\mathbb {F}_{q^{2}})$}},
 booktitle = {Revised Selected Papers of the 11th International Conference on Information Security and Cryptology - Volume 9589},
 series = {Inscrypt 2015},
 year = {2016},
 isbn = {978-3-319-38897-7},
 location = {Beijing, China},
 pages = {167--177},
 numpages = {11},
 url = {http://dx.doi.org/10.1007/978-3-319-38898-4_10},
 doi = {10.1007/978-3-319-38898-4_10},
 acmid = {2966032},
 publisher = {Springer-Verlag New York, Inc.},
 address = {New York, NY, USA},
 keywords = {Cosets, Discrete logarithm, Primitive elements, Projective linear group},
} 

@article{Bluher04,
  title={On {$x^{q+1}+ ax+ b$}},
  author={Bluher, Antonia W},
  journal={Finite Fields and Their Applications},
  volume={10},
  number={3},
  pages={285--305},
  year={2004},
  publisher={Elsevier}
}

@unpublished{GKZ16a,
  author    = {Robert Granger and
               Thorsten Kleinjung and
               Jens Zumbr{\"{a}}gel},
  title     = {Indiscreet logarithms in finite fields of small characteristic},
  note      = {Preprint available on \url{https://people.epfl.ch//robert.granger}}
}

@article{DH76,
 author = {Diffie, W. and Hellman, M.},
 title = {New Directions in Cryptography},
 journal = {IEEE Trans. Inf. Theor.},
 issue_date = {November 1976},
 volume = {22},
 number = {6},
 month = {Nov},
 year = {1976},
 issn = {0018-9448},
 pages = {644--654},
 numpages = {11},
 url = {http://dx.doi.org/10.1109/TIT.1976.1055638},
 doi = {10.1109/TIT.1976.1055638},
 acmid = {2269104},
 publisher = {IEEE Press},
 address = {Piscataway, NJ, USA},
}

@phdthesis{Adj16,
  title={Logaritmo discreto en campos finitos de caracter{\'\i}stica peque{\~n}a: atacando la criptograf{\'\i}a basada en emparejamientos de Tipo {$1$}},
  author={Adj, Gora},
  year = {2016}
}

@article{HK10,
  title={{$x^{2^l+1}+x+a$} and related affine polynomials over {GF}{$(2^k)$}},
  author={Helleseth, Tor and Kholosha, Alexander},
  journal={Cryptography and Communications},
  volume={2},
  number={1},
  pages={85--109},
  year={2010},
  publisher={Springer}
}

@article{Wan97,
  title={Generators and irreducible polynomials over finite fields},
  author={Wan, Daqing},
  journal={Mathematics of Computation of the American Mathematical Society},
  volume={66},
  number={219},
  pages={1195--1212},
  year={1997}
}

@article{GKZ16b,
   abstract    = {For~$q$ a prime power, the discrete logarithm problem
                 (DLP) in~$\F_{q}$ consists in finding, for any $g \in
                 \mathbb{F}_{q}^{\times}$ and $h \in \langle g \rangle$,
                 an integer~$x$ such that $g^x = h$. We present an
                 algorithm for computing discrete logarithms with which we
                 prove that for each prime~$p$ there exist infinitely many
                 explicit extension fields~$\mathbb{F}_{p^n}$ in which the
                 DLP can be solved in expected quasi-polynomial time.
                 Furthermore, subject to a conjecture on the existence of
                 irreducible polynomials of a certain form, the algorithm
                 solves the DLP in all extensions~$\mathbb{F}_{p^n}$ in
                 expected quasi-polynomial time.},
   affiliation = {EPFL},
   author      = {Granger, Robert and Kleinjung, Thorsten and Zumbragel, Jens},
   details     = {http://infoscience.epfl.ch/record/221130},
   documenturl = {https://infoscience.epfl.ch/record/221130/files/dl_rev.pdf},
   journal     = {Transactions of the {A}merican {M}athematical {S}ociety},
   oai-id      = {oai:infoscience.epfl.ch:221130},
   oai-set     = {IC},
   review      = {REVIEWED},
   status      = {PUBLISHED},
   submitter   = {242282},
   title       = {On the discrete logarithm problem in finite fields of fixed
                  characteristic},
   unit        = {LACAL},
   year        = 2016
}

@inproceedings{Adleman79,
author={L. Adleman},
booktitle={20th Annual Symposium on Foundations of Computer Science (sfcs 1979)},
title={A subexponential algorithm for the discrete logarithm problem with applications to cryptography},
year={1979},
pages={55-60},
keywords={Algorithm design and analysis;Application software;Computer science;History;Laboratories;Mathematics;Public key;Public key cryptography;Security;Testing},
doi={10.1109/SFCS.1979.2},
ISSN={0272-5428},
month={Oct},}

@article{Coppersmith84,
 author = {Coppersmith, D.},
 title = {Fast Evaluation of Logarithms in Fields of Characteristic Two},
 journal = {IEEE Trans. Inf. Theor.},
 issue_date = {July 1984},
 volume = {30},
 number = {4},
 month = sep,
 year = {2006},
 issn = {0018-9448},
 pages = {587--594},
 numpages = {8},
 url = {http://dx.doi.org/10.1109/TIT.1984.1056941},
 doi = {10.1109/TIT.1984.1056941},
 acmid = {2270353},
 publisher = {IEEE Press},
 address = {Piscataway, NJ, USA},
}

@article{PH78,
author = {C. Pohlig, Stephen and E. Hellman, Martin},
year = {1978},
month = {02},
pages = {106 - 110},
title = {Hellman, M.: An improved algorithm for computing logarithms over GF(p) and its cryptographic significance. IEEE Trans. Inform. Theory, IT 24, 106-110},
volume = {24},
booktitle = {Information Theory, IEEE Transactions on}
}

@article{Flint,
  title={Fast library for number theory: an introduction},
  author={Hart, William},
  journal={Mathematical Software-ICMS 2010},
  pages={88-91},
  year={2010},
  publisher={Springer},
  url={http://www.flintlib.org},
}

@article{BCS97,
  title={Lattices of compatibly embedded finite fields},
  author={Bosma, Wieb and Cannon, John and Steel, Allan},
  journal={Journal of Symbolic Computation},
  volume={24},
  number={3-4},
  pages={351--369},
  year={1997},
  publisher={Elsevier}
}

@manual{Sagemath,
  Key          = {SageMath},
  Author       = {The Sage Developers},
  Title        = {{S}ageMath, the {S}age {M}athematics {S}oftware {S}ystem ({V}ersion 8.1)},
  note         = {{\tt http://www.sagemath.org}},
  Year         = {2017},
}

@article {Magma,
    AUTHOR = {Bosma, Wieb and Cannon, John and Playoust, Catherine},
     TITLE = {The {M}agma algebra system. {I}. {T}he user language},
      NOTE = {Computational algebra and number theory (London, 1993)},
   JOURNAL = {J. Symbolic Comput.},
  FJOURNAL = {Journal of Symbolic Computation},
    VOLUME = {24},
      YEAR = {1997},
    NUMBER = {3-4},
     PAGES = {235--265},
      ISSN = {0747-7171},
   MRCLASS = {68Q40},
  MRNUMBER = {MR1484478},
       DOI = {10.1006/jsco.1996.0125},
       URL = {http://dx.doi.org/10.1006/jsco.1996.0125},
}

@misc{NTL,
    author = {Shoup, Victor},
    citeulike-article-id = {7300697},
    howpublished = {\url{http://www.shoup.net/ntl}},
    keywords = {ntl},
    posted-at = {2010-06-14 18:33:18},
    priority = {2},
    title = {{NTL}: A library for doing number theory}
}

@manual{Pari,
    organization = "{The PARI~Group}",
    title        = "{PARI/GP version {\tt 2.9.4}}",
    year         = 2018,
    address      = "Univ. Bordeaux",
    note         = "available from \url{http://pari.math.u-bordeaux.fr/}",
    comment = {available from \url{http://pari.math.u-bordeaux.fr/}},
}

@article{BDDFS17,
  title={Computing isomorphisms and embeddings of finite fields},
  author={Brieulle, Ludovic and De Feo, Luca and Doliskani, Javad and Flori, Jean-Pierre and Schost, {\'E}ric},
  journal={arXiv preprint arXiv:1705.01221},
  year={2017}
}

@article{HL98,
  title={New algorithms for generating {C}onway polynomials over finite fields},
  author={Heath, Lenwood S and Loehr, Nicholas A},
  year={1998}
}

@article{Parker90,
  title={Finite Fields and {C}onway Polynomials. 1990},
  author={Parker, Richard},
  journal={Vortrag am IBM Scientific Center Heidelberg}
}

@article{Defeo17,
  title={Mathematics of Isogeny Based Cryptography},
  author={De Feo, Luca},
  journal={arXiv preprint arXiv:1711.04062},
  year={2017}
}

@article{DRR19,
  title={Standard lattices of compatibly embedded finite fields},
  author={De Feo, Luca and Randriam, Hugues and Rousseau, {\'E}douard},
  journal={arXiv preprint arXiv:1906.00870},
  year={2019}
}

@Electronic{Nickel1988,
  author      = {Nickel, Werner},
  title       = {{E}ndliche {K}{\"o}rper in dem gruppentheoretischen {P}rogrammsystem {GAP}},
  year        = {1988},
  url         = {https://www2.mathematik.tu-darmstadt.de/~nickel/},
  institution = {RWTH Aachen},
  type        = {mathesis},
}

@inproceedings{HL99,
    author = {Heath, Lenwood S. and Loehr, Nicholas A.},
    isbn = {0-89871-434-6},
    keywords = {conway\_polynomial, finite\_field},
    location = {Baltimore, Maryland, United States},
    pages = {429-437},
    posted-at = {2011-08-05 01:37:27},
    priority = {3},
    publisher = {SIAM},
    booktitle = {SODA '99},
    title = {New algorithms for generating {C}onway polynomials over finite fields},
    year = {1999}
}

@inproceedings{BDEZ12,
  title={Finding optimal formulae for bilinear maps},
  author={Barbulescu, Razvan and Detrey, J{\'e}r{\'e}mie and Estibals, Nicolas and Zimmermann, Paul},
  booktitle={International Workshop on the Arithmetic of Finite Fields},
  pages={168--186},
  year={2012},
  organization={Springer}
}

@article{Covanov19,
  title={Improved method for finding optimal formulas for bilinear maps in a finite field},
  author={Covanov, Svyatoslav},
  journal={Theoretical Computer Science},
  year={2019},
  publisher={Elsevier}
}

@phdthesis{Covanov18,
  title={Multiplication algorithms: bilinear complexity and fast asymptotic methods},
  author={Covanov, Svyatoslav},
  year={2018},
  school={Universit{\'e} de Lorraine}
}

@incollection{Randriam15,
  title={On products and powers of linear codes under componentwise multiplication},
  author={Randriambololona, Hugues},
  booktitle={Algorithmic arithmetic, geometry, and coding theory},
  volume={637},
  pages={3--78},
  year={2015},
  publisher={AMS}
}

@book{Stichtenoth09,
  title={Algebraic function fields and codes},
  author={Stichtenoth, Henning},
  volume={254},
  year={2009},
  publisher={Springer Science \& Business Media}
}

@incollection{STV92,
  title={Curves with many points and multiplication in finite fileds},
  author={Shparlinski, Igor E and Tsfasman, Michael A and Vladut, Serge G},
  booktitle={Coding theory and algebraic geometry},
  pages={145--169},
  year={1992},
  publisher={Springer}
}

@article{Strassen69,
  title={Gaussian elimination is not optimal},
  author={Strassen, Volker},
  journal={Numerische mathematik},
  volume={13},
  number={4},
  pages={354--356},
  year={1969}
}

@inproceedings{Karatsuba63,
  title={Multiplication of multidigit numbers on automata},
  author={Karatsuba, Anatolii},
  booktitle={Soviet physics doklady},
  volume={7},
  pages={595--596},
  year={1963}
}

@article{CC88,
  title={Algebraic complexities and algebraic curves over finite fields},
  author={Chudnovsky, David Volfovich and Chudnovsky, Gregory Volfovich},
  journal={Journal of Complexity},
  volume={4},
  number={4},
  pages={285--316},
  year={1988},
  publisher={Elsevier}
}

@article{BCPRRR19,
  title={On the tensor rank of multiplication in finite extensions of finite fields and related issues in algebraic geometry},
  author={Ballet, St{\'e}phane and Chaumine, Jean and Pieltant, Julia and Rambaud, Matthieu and Randriambololona, Hugues and Rolland, Robert},
  journal={arXiv preprint arXiv:1906.07456},
  year={2019}
}

@techreport{SL81,
  title={On symmetric algorithms for bilinear forms over finite fields},
  author={Serroussi, G and Lempel, Abraham},
  year={1981},
  institution={Computer Science Department, Technion}
}
